Date;Date de valeur;Débit;Crédit;Libellé;Solde
02/01/2026;02/01/2026;-1000,00;;VIR SEPA INDEMNITES ALLAN;39899,97
02/01/2026;02/01/2026;-11,76;;PRLV SEPA AMAZON PAYMENTS EUROP;39888,21
02/01/2026;02/01/2026;-59,99;;PRLV SEPA AMAZON PAYMENTS EUROP;39828,22
02/01/2026;05/01/2026;;1026,60;REMCB00143 NB0009 TPE279911801;40854,82
02/01/2026;05/01/2026;;928,32;REMCB00199 NB0015 TPE279911801;41783,14
02/01/2026;05/01/2026;-3,72;;COMCB00199 NB0015 TPE279911801;41779,42
02/01/2026;05/01/2026;-4,11;;COMCB00143 NB0009 TPE279911801;41775,31
02/01/2026;02/01/2026;;1249,98;VIR ASP AGENCE COMPTABLE;43025,29
02/01/2026;02/01/2026;-1000,00;;VIR SEPA ACOMPTE SALAIRE TANGUY;42025,29
02/01/2026;02/01/2026;-1000,00;;VIR SEPA ACOMPTE SALAIRE LEO;41025,29
02/01/2026;02/01/2026;-500,00;;VIR SEPA ACOMPTE PAUL;40525,29
02/01/2026;02/01/2026;-1000,00;;VIR SEPA ACOMPTE LOUISE;39525,29
02/01/2026;02/01/2026;-1000,00;;VIR SEPA ACOMPTE THIBAUL;38525,29
02/01/2026;02/01/2026;-3636,85;;VIR SEPA LOYER MENSUEL CALIX;34888,44
02/01/2026;02/01/2026;-180,00;;VIR SEPA FORFAIT MENSUEL LICENC;34708,44
02/01/2026;02/01/2026;-1000,00;;VIR SEPA ACOMPTE LUCIE;33708,44
02/01/2026;02/01/2026;;58,95;VIR PAYPAL PTE. LTD.;33767,39
02/01/2026;02/01/2026;-22,80;;PAIEMENT CB WIX.COM;33744,59
05/01/2026;05/01/2026;-269,60;;PRLV SEPA MMA IARD SA;33474,99
05/01/2026;05/01/2026;-84,00;;PRLV SEPA EDF;33390,99
05/01/2026;05/01/2026;-532,81;;PRLV SEPA EDF;32858,18
05/01/2026;06/01/2026;;1327,18;REMCB00155 NB0020 TPE279911801;34185,36
05/01/2026;06/01/2026;;469,00;REMCB00147 NB0004 TPE279911801;34654,36
05/01/2026;06/01/2026;;1071,80;REMCB00111 NB0015 TPE279911801;35726,16
05/01/2026;06/01/2026;-4,29;;COMCB00111 NB0015 TPE279911801;35721,87
05/01/2026;06/01/2026;-1,88;;COMCB00147 NB0004 TPE279911801;35719,99
05/01/2026;06/01/2026;-5,96;;COMCB00155 NB0020 TPE279911801;35714,03
05/01/2026;05/01/2026;;81,90;VIR DRFIP ILE DE FRANCE ET D;35795,93
02/01/2026;01/01/2026;-168,21;;INTERETS/FRAIS;35627,72
05/01/2026;05/01/2026;;132,15;VIR PAYPAL PTE. LTD.;35759,87
05/01/2026;05/01/2026;-29,00;;PAIEMENT CB UBERSUGGEST;35730,87
05/01/2026;05/01/2026;-1,06;;FRAIS PAIE CB OP 29,00 EUR;35729,81
05/01/2026;05/01/2026;-166,68;;PAIEMENT CB GOOGLE*ADS;35563,13
05/01/2026;05/01/2026;-4,83;;FRAIS PAIE CB OP 180,00 EUR;35558,30
05/01/2026;05/01/2026;-180,00;;PAIEMENT CB CLAUDE.AI SUBSCR;35378,30
05/01/2026;05/01/2026;-0,74;;FRAIS PAIE CB OP 19,00 USD;35377,56
05/01/2026;05/01/2026;-16,21;;PAIEMENT CB NETLIFY;35361,35
06/01/2026;06/01/2026;-17,15;;PRLV SEPA AMAZON PAYMENTS EUROP;35344,20
06/01/2026;06/01/2026;-24,99;;PRLV SEPA AMAZON PAYMENTS EUROP;35319,21
06/01/2026;06/01/2026;-69,78;;PRLV SEPA AMAZON PAYMENTS EUROP;35249,43
06/01/2026;06/01/2026;-10,42;;PRLV SEPA AMAZON PAYMENTS EUROP;35239,01
06/01/2026;06/01/2026;-6,68;;TNS PREVOYANCE FZ550228034;35232,33
06/01/2026;06/01/2026;-54,34;;TNS PREVOYANCE FZ550228035;35177,99
06/01/2026;07/01/2026;;761,00;REMCB00099 NB0009 TPE279911801;35938,99
06/01/2026;07/01/2026;-3,04;;COMCB00099 NB0009 TPE279911801;35935,95
06/01/2026;06/01/2026;-15,98;;PAIEMENT CB DROPBOX;35919,97
06/01/2026;06/01/2026;-0,01;;PAIEMENT CB GOOGLE*CLOUD;35919,96
06/01/2026;06/01/2026;;198,46;VIR PAYPAL PTE. LTD.;36118,42
06/01/2026;06/01/2026;-4,45;;PRLV SEPA AMAZON EU SARL;36113,97
06/01/2026;06/01/2026;-8,49;;PRLV SEPA AMAZON EU SARL;36105,48
06/01/2026;06/01/2026;-35,60;;PRLV SEPA AMAZON EU SARL;36069,88
06/01/2026;06/01/2026;-35,60;;PRLV SEPA AMAZON EU SARL;36034,28
06/01/2026;06/01/2026;-35,60;;PRLV SEPA AMAZON EU SARL;35998,68
06/01/2026;06/01/2026;-35,60;;PRLV SEPA AMAZON EU SARL;35963,08
07/01/2026;07/01/2026;-31,80;;PRLV SEPA INEXWEB;35931,28
07/01/2026;08/01/2026;;534,30;REMCB00445 NB0005 TPE279911801;36465,58
07/01/2026;08/01/2026;-2,14;;COMCB00445 NB0005 TPE279911801;36463,44
07/01/2026;07/01/2026;-429,97;;VIR INST SOLDE SALAIRE PAUL;36033,47
07/01/2026;07/01/2026;-413,13;;VIR INST SOLDE SALAIRE POLAR;35620,34
07/01/2026;07/01/2026;-492,00;;VIR INST SOLDE SALAIRE LOUISE;35128,34
07/01/2026;07/01/2026;-274,32;;VIR INST SOLDE SALAIRE LUCIE;34854,02
07/01/2026;07/01/2026;-452,00;;VIR INST SOLDE SALAIRE LUCIE;34402,02
07/01/2026;07/01/2026;-48,02;;VIR INST SOLDE SALAIRE RED;34354,00
07/01/2026;07/01/2026;-515,00;;VIR INST SOLDE SALAIRE LEO;33839,00
08/01/2026;08/01/2026;-65,62;;PRLV SEPA AMAZON PAYMENTS EUROP;33773,38
08/01/2026;09/01/2026;;426,59;REMCB00247 NB0010 TPE279911801;34199,97
08/01/2026;09/01/2026;-1,71;;COMCB00247 NB0010 TPE279911801;34198,26
08/01/2026;08/01/2026;-284,59;;PAIEMENT CB ALMA;33913,67
08/01/2026;08/01/2026;-3,00;;PAIEMENT CB IONOS SARL;33910,67
08/01/2026;08/01/2026;;54,63;VIR PAYPAL PTE. LTD.;33965,30
09/01/2026;12/01/2026;;857,15;REMCB00089 NB0013 TPE279911801;34822,45
09/01/2026;12/01/2026;-3,41;;COMCB00089 NB0013 TPE279911801;34819,04
09/01/2026;09/01/2026;;3,19;VIR ORANGE;34822,23
09/01/2026;09/01/2026;-19,20;;PAIEMENT CB MAILJET;34803,03
12/01/2026;12/01/2026;-117,00;;PRLV SEPA RESOTAINER;34686,03
12/01/2026;01/01/2026;-28,95;;FACT SGT26021250000111;34657,08
12/01/2026;13/01/2026;;1168,15;REMCB00259 NB0024 TPE279911801;35825,23
12/01/2026;13/01/2026;;776,75;REMCB00085 NB0010 TPE279911801;36601,98
12/01/2026;13/01/2026;;1174,35;REMCB00027 NB0017 TPE279911801;37776,33
12/01/2026;13/01/2026;-4,68;;COMCB00027 NB0017 TPE279911801;37771,65
12/01/2026;13/01/2026;-4,69;;COMCB00259 NB0024 TPE279911801;37766,96
12/01/2026;13/01/2026;-3,11;;COMCB00085 NB0010 TPE279911801;37763,85
12/01/2026;12/01/2026;;235,79;VIR PAYPAL PTE. LTD.;37999,64
13/01/2026;13/01/2026;-9,99;;PRLV SEPA AMAZON PAYMENTS EUROP;37989,65
13/01/2026;13/01/2026;-17,99;;PRLV SEPA AMAZON PAYMENTS EUROP;37971,66
13/01/2026;13/01/2026;-30,82;;PRLV SEPA AMAZON PAYMENTS EUROP;37940,84
13/01/2026;13/01/2026;-59,99;;PRLV SEPA AMAZON PAYMENTS EUROP;37880,85
13/01/2026;13/01/2026;-16,66;;PRLV SEPA DROPBOX;37864,19
12/01/2026;12/01/2026;-72,30;;PAIEMENT CB STATION SERVICE;37791,89
12/01/2026;12/01/2026;-1,50;;PAIEMENT PSC INDIGO;37790,39
13/01/2026;14/01/2026;;1177,90;REMCB00311 NB0010 TPE279911801;38968,29
13/01/2026;14/01/2026;-4,71;;COMCB00311 NB0010 TPE279911801;38963,58
13/01/2026;13/01/2026;;484,53;VIR EDENRED FRANCE;39448,11
13/01/2026;13/01/2026;;268,82;VIR PAYPAL PTE. LTD.;39716,93
13/01/2026;13/01/2026;-22,80;;PAIEMENT CB RINGOVER;39694,13
13/01/2026;13/01/2026;-12,69;;PAIEMENT CB UBER *EATS;39681,44
13/01/2026;13/01/2026;-74,95;;PAIEMENT CB LECLERC STATION;39606,49
13/01/2026;13/01/2026;-34,20;;PAIEMENT CB LECLERC STATION;39572,29
13/01/2026;13/01/2026;-4,30;;PAIEMENT CB ELEVENLABS.IO;39567,99
13/01/2026;13/01/2026;-0,44;;FRAIS PAIE CB OP 5,00 USD;39567,55
14/01/2026;14/01/2026;-63,07;;PRLV SEPA WL ECOM SOLUTION FR;39504,48
14/01/2026;15/01/2026;;1189,74;REMCB00277 NB0016 TPE279911801;40694,22
14/01/2026;15/01/2026;-4,77;;COMCB00277 NB0016 TPE279911801;40689,45
14/01/2026;14/01/2026;-168,00;;PRLV SEPA SAS POTION OF CREATIVITY;40521,45
14/01/2026;14/01/2026;-186,99;;VIR INST EUROFEU;40334,46
14/01/2026;14/01/2026;-27,05;;PAIEMENT PSC BURGER KING;40307,41
14/01/2026;14/01/2026;-10,88;;PAIEMENT CB 3MINUTESPIZZ;40296,53
15/01/2026;15/01/2026;-83,95;;PRLV SEPA FREE PRO;40212,58
15/01/2026;16/01/2026;;326,55;REMCB00245 NB0004 TPE279911801;40539,13
15/01/2026;16/01/2026;-1,31;;COMCB00245 NB0004 TPE279911801;40537,82
15/01/2026;15/01/2026;-8,20;;PAIEMENT CB SAPN;40529,62
15/01/2026;15/01/2026;-1,40;;PAIEMENT PSC EFFIA PARK;40528,22
15/01/2026;15/01/2026;-10,48;;PAIEMENT CB 3MINUTESPIZZ;40517,74
15/01/2026;15/01/2026;;117,30;VIR INST FUNBOOKER;40635,04
16/01/2026;16/01/2026;-13,20;;PRLV SEPA AMAZON PAYMENTS EUROP;40621,84
16/01/2026;16/01/2026;-16,64;;PRLV SEPA AMAZON PAYMENTS EUROP;40605,20
16/01/2026;16/01/2026;-178,80;;PRLV SEPA SAS SKELLO;40426,40
16/01/2026;16/01/2026;-10,80;;PRLV SEPA EDF;40415,60
16/01/2026;16/01/2026;-1956,00;;PRLV SEPA URSSAF DE NORMANDIE;38459,60
16/01/2026;19/01/2026;;1126,44;REMCB00285 NB0018 TPE279911801;39586,04
16/01/2026;19/01/2026;-4,53;;COMCB00285 NB0018 TPE279911801;39581,51
16/01/2026;16/01/2026;-68,33;;COMPLEMENTAIRE SANTE HG6572503;39513,18
16/01/2026;16/01/2026;-77,60;;AUTOMOBILE - PRO AA31273531;39435,58
16/01/2026;16/01/2026;-230,00;;PAIEMENT CB INPI VADS;39205,58
16/01/2026;16/01/2026;-7,20;;PAIEMENT CB 3MINUTESPIZZ;39198,38
16/01/2026;16/01/2026;;20,63;VIR PAYPAL PTE. LTD.;39219,01
19/01/2026;20/01/2026;;1782,51;REMCB00181 NB0020 TPE279911801;41001,52
19/01/2026;20/01/2026;;928,15;REMCB00331 NB0009 TPE279911801;41929,67
19/01/2026;20/01/2026;;980,87;REMCB00321 NB0012 TPE279911801;42910,54
19/01/2026;20/01/2026;-3,95;;COMCB00321 NB0012 TPE279911801;42906,59
19/01/2026;20/01/2026;-3,72;;COMCB00331 NB0009 TPE279911801;42902,87
19/01/2026;20/01/2026;-7,15;;COMCB00181 NB0020 TPE279911801;42895,72
19/01/2026;19/01/2026;-242,35;;PLAN SANTE SA1610170;42653,37
19/01/2026;19/01/2026;-468,73;;VIR EUROFEU;42184,64
19/01/2026;19/01/2026;;54,85;VIR PAYPAL PTE. LTD.;42239,49
19/01/2026;19/01/2026;-163,20;;PAIEMENT CB ANNONCE LEGALE;42076,29
19/01/2026;19/01/2026;-213,66;;PAIEMENT CB KLARNA*IROBOT;41862,63
19/01/2026;19/01/2026;-14,84;;PAIEMENT CB LA MAISON DU DOC;41847,79
19/01/2026;19/01/2026;-29,42;;PAIEMENT PSC MAGASIN U;41818,37
19/01/2026;19/01/2026;-9,72;;PAIEMENT CB WIX.COM;41808,65
19/01/2026;19/01/2026;-21,57;;PAIEMENT CB GENSPARK.AI;41787,08
19/01/2026;19/01/2026;-0,87;;FRAIS PAIE CB OP 24,99 USD;41786,21
19/01/2026;19/01/2026;-0,76;;FRAIS PAIE CB OP 20,00 USD;41785,45
19/01/2026;19/01/2026;-17,27;;PAIEMENT CB GENSPARK.AI;41768,18
19/01/2026;19/01/2026;-10,32;;PAIEMENT CB 3MINUTESPIZZ;41757,86
20/01/2026;20/01/2026;-27,99;;PRLV SEPA AMAZON EU SARL;41729,87
20/01/2026;20/01/2026;-76,07;;PRLV SEPA AMAZON PAYMENTS EUROP;41653,80
20/01/2026;20/01/2026;-89,00;;PRLV SEPA AMAZON PAYMENTS EUROP;41564,80
20/01/2026;20/01/2026;-753,00;;PRLV SEPA URSSAF DE NORMANDIE;40811,80
20/01/2026;21/01/2026;;550,00;REMCB00091 NB0006 TPE279911801;41361,80
20/01/2026;21/01/2026;-24,00;;REMCB00091 NB0001 TPE279911801;41337,80
20/01/2026;21/01/2026;;0,10;COMCB00091 NB0001 TPE279911801;41337,90
20/01/2026;21/01/2026;-2,21;;COMCB00091 NB0006 TPE279911801;41335,69
20/01/2026;20/01/2026;-500,00;;VIR BOEHME ALLAN;40835,69
20/01/2026;20/01/2026;-20,00;;PAIEMENT CB SURVIO;40815,69
21/01/2026;21/01/2026;-180,43;;PRLV SEPA AUDIENS ENCAISSEMENTS;40635,26
21/01/2026;22/01/2026;;545,30;REMCB00087 NB0010 TPE279911801;41180,56
21/01/2026;22/01/2026;-2,17;;COMCB00087 NB0010 TPE279911801;41178,39
21/01/2026;21/01/2026;;112,90;VIR CAP LOISIRS;41291,29
21/01/2026;21/01/2026;-0,39;;FRAIS PAIE CB OP 2,99 USD;41290,90
21/01/2026;21/01/2026;-2,58;;PAIEMENT CB 42GEARS MOBILITY;41288,32
21/01/2026;21/01/2026;;165,00;VIR LUDOBOX;41453,32
22/01/2026;23/01/2026;;275,00;REMCB00429 NB0002 TPE279911801;41728,32
22/01/2026;23/01/2026;-1,10;;COMCB00429 NB0002 TPE279911801;41727,22
22/01/2026;22/01/2026;;67,20;VIR INST FUNBOOKER;41794,42
22/01/2026;22/01/2026;-47,32;;PAIEMENT PSC MAISON DU DOCUME;41747,10
22/01/2026;22/01/2026;-0,76;;FRAIS PAIE CB OP 20,00 USD;41746,34
22/01/2026;22/01/2026;-17,28;;PAIEMENT CB GENSPARK.AI;41729,06
23/01/2026;26/01/2026;;928,20;REMCB00103 NB0012 TPE279911801;42657,26
23/01/2026;26/01/2026;-240,00;;REMCB00103 NB0001 TPE279911801;42417,26
23/01/2026;26/01/2026;;0,96;COMCB00103 NB0001 TPE279911801;42418,22
23/01/2026;26/01/2026;-3,72;;COMCB00103 NB0012 TPE279911801;42414,50
24/01/2026;25/01/2026;-610,13;;ECH PRET CAP+IN;41804,37
26/01/2026;26/01/2026;-30,74;;PRLV SEPA AMAZON PAYMENTS EUROP;41773,63
26/01/2026;26/01/2026;-1110,61;;PRLV SEPA IN EXTENSO CAEN;40663,02
26/01/2026;27/01/2026;;469,00;REMCB00223 NB0005 TPE279911801;41132,02
26/01/2026;27/01/2026;;962,33;REMCB00343 NB0012 TPE279911801;42094,35
26/01/2026;27/01/2026;;922,77;REMCB00267 NB0012 TPE279911801;43017,12
26/01/2026;27/01/2026;-16,00;;REMCB00267 NB0001 TPE279911801;43001,12
26/01/2026;27/01/2026;;0,06;COMCB00267 NB0001 TPE279911801;43001,18
26/01/2026;27/01/2026;-1,88;;COMCB00223 NB0005 TPE279911801;42999,30
26/01/2026;27/01/2026;-3,70;;COMCB00267 NB0012 TPE279911801;42995,60
26/01/2026;27/01/2026;-3,85;;COMCB00343 NB0012 TPE279911801;42991,75
26/01/2026;26/01/2026;-234,84;;PRLV SEPA MALAKOFF HUMANIS;42756,91
26/01/2026;26/01/2026;-265,69;;PRLV SEPA MALAKOFF HUMANIS;42491,22
26/01/2026;26/01/2026;-421,02;;PRLV SEPA MALAKOFF HUMANIS;42070,20
26/01/2026;26/01/2026;;346,50;VIR SOCOTEC CONSTRUCTION;42416,70
26/01/2026;26/01/2026;-0,63;;FRAIS PAIE CB OP 11,99 EUR;42416,07
26/01/2026;26/01/2026;-11,99;;PAIEMENT CB CAPCUT;42404,08
26/01/2026;26/01/2026;-20,70;;PAIEMENT PSC ARIANE SERVICES;42383,38
26/01/2026;26/01/2026;-13,60;;PAIEMENT CB 3MINUTESPIZZ;42369,78
26/01/2026;26/01/2026;-2,99;;PAIEMENT CB GOOGLE *GOOGLE O;42366,79
26/01/2026;26/01/2026;;176,85;VIR PAYPAL PTE. LTD.;42543,64
27/01/2026;27/01/2026;-13,99;;PRLV SEPA AMAZON EU SARL;42529,65
27/01/2026;27/01/2026;-11,42;;PRLV SEPA AMAZON PAYMENTS EUROP;42518,23
27/01/2026;27/01/2026;-14,99;;PRLV SEPA AMAZON PAYMENTS EUROP;42503,24
27/01/2026;27/01/2026;-65,82;;PRLV SEPA AMAZON PAYMENTS EUROP;42437,42
27/01/2026;28/01/2026;;515,60;REMCB00409 NB0006 TPE279911801;42953,02
27/01/2026;28/01/2026;-2,08;;COMCB00409 NB0006 TPE279911801;42950,94
27/01/2026;27/01/2026;-29,35;;PAIEMENT CB LA MAISON DU DOC;42921,59
27/01/2026;27/01/2026;-53,88;;PAIEMENT CB MOBIOFFICE;42867,71
27/01/2026;27/01/2026;-28,85;;PAIEMENT CB LA MAISON DU DOC;42838,86
28/01/2026;28/01/2026;-3640,00;;PRLV SEPA DGFIP;39198,86
28/01/2026;29/01/2026;;794,90;REMCB00381 NB0008 TPE279911801;39993,76
28/01/2026;29/01/2026;-3,18;;COMCB00381 NB0008 TPE279911801;39990,58
28/01/2026;28/01/2026;-0,76;;FRAIS PAIE CB OP 20,00 USD;39989,82
28/01/2026;28/01/2026;-17,05;;PAIEMENT CB GENSPARK.AI;39972,77
28/01/2026;28/01/2026;;117,90;VIR PAYPAL PTE. LTD.;40090,67
29/01/2026;29/01/2026;-24,99;;PRLV SEPA AMAZON PAYMENTS EUROP;40065,68
29/01/2026;30/01/2026;;1123,00;REMCB00171 NB0010 TPE279911801;41188,68
29/01/2026;30/01/2026;-4,51;;COMCB00171 NB0010 TPE279911801;41184,17
29/01/2026;29/01/2026;-12,00;;PAIEMENT PSC MAGASIN U;41172,17
29/01/2026;29/01/2026;-12,99;;PAIEMENT CB GOOGLE YOUTUBE;41159,18
29/01/2026;29/01/2026;-59,99;;PAIEMENT CB OFFICESUITE FAMI;41099,19
29/01/2026;29/01/2026;-1,83;;FRAIS PAIE CB OP 59,99 EUR;41097,36
29/01/2026;29/01/2026;-1,99;;PAIEMENT CB GOOGLE *GOOGLE O;41095,37
29/01/2026;29/01/2026;;154,74;VIR PAYPAL PTE. LTD.;41250,11
30/01/2026;30/01/2026;-8,16;;PRLV SEPA AMAZON PAYMENTS EUROP;41241,95
30/01/2026;30/01/2026;-21,48;;PRLV SEPA AMAZON PAYMENTS EUROP;41220,47
30/01/2026;02/02/2026;;371,20;REMCB00321 NB0004 TPE279911801;41591,67
30/01/2026;02/02/2026;-1,50;;COMCB00321 NB0004 TPE279911801;41590,17
30/01/2026;30/01/2026;-378,22;;PRLV SEPA DIAC;41211,95
30/01/2026;30/01/2026;-0,75;;FRAIS PAIE CB OP 20,00 USD;41211,20
30/01/2026;30/01/2026;-16,88;;PAIEMENT CB OPENAI *CHATGPT;41194,32
30/01/2026;30/01/2026;-50,40;;PAIEMENT CB WIX.COM;41143,92
30/01/2026;30/01/2026;;19,65;VIR PAYPAL PTE. LTD.;41163,57
